<?xml version="1.0" encoding="UTF-8"?><record xmlns="http://www.loc.gov/MARC21/slim" xmlns:cinclude="http://apache.org/cocoon/include/1.0" xmlns:zs="http://www.loc.gov/zing/srw/">
  <leader>00482cz  a2200121n  4500</leader>
  <controlfield tag="001">n  82257733 </controlfield>
  <controlfield tag="003">DLC</controlfield>
  <controlfield tag="005">19851017091755.7</controlfield>
  <controlfield tag="008">840221n| acannaab|          |n aaa |||  </controlfield>
  <datafield tag="010" ind1=" " ind2=" ">
    <subfield code="a">n  82257733 </subfield>
  </datafield>
  <datafield tag="040" ind1=" " ind2=" ">
    <subfield code="a">DLC</subfield>
    <subfield code="c">DLC</subfield>
    <subfield code="d">DLC</subfield>
  </datafield>
  <datafield tag="100" ind1="1" ind2="0">
    <subfield code="a">Bingham, Opha,</subfield>
    <subfield code="d">1925-</subfield>
  </datafield>
  <datafield tag="670" ind1=" " ind2=" ">
    <subfield code="a">Her One step more, Lord! 1984:</subfield>
    <subfield code="b">CIP t.p. (Opha Bingham) pref. (has been suffering from multiple sclerosis for 25 yrs.) pub. blurb (lives in Atlanta, GA; freelance writer; husband, Robert E. Bingham) pub. info. (b. 1925)</subfield>
  </datafield>
</record>